<record><leader>00000cas a2200000 a 4500</leader><controlfield tag="001">14198241</controlfield><controlfield tag="007">hd afb---baca</controlfield><controlfield tag="007">hd bfb---baaa</controlfield><controlfield tag="007">hd bfb---baba</controlfield><controlfield tag="008">860909c19249999dcudr nea     0    0tur c</controlfield><datafield ind1=" " ind2=" " tag="010"><subfield code="a">sn2003058037</subfield></datafield><datafield ind1=" " ind2=" " tag="040"><subfield code="a">UMC</subfield><subfield code="b">eng</subfield><subfield code="c">UMC</subfield><subfield code="d">OCL</subfield><subfield code="d">DLC</subfield><subfield code="d">OCLCQ</subfield><subfield code="d">OCLCF</subfield><subfield code="d">OCLCO</subfield><subfield code="d">OCLCQ</subfield></datafield><datafield ind1=" " ind2=" " tag="019"><subfield code="a">743391935</subfield></datafield><datafield ind1=" " ind2=" " tag="042"><subfield code="a">pcc</subfield></datafield><datafield ind1=" " ind2=" " tag="043"><subfield code="a">a-tu---</subfield></datafield><datafield ind1="0" ind2="0" tag="050"><subfield code="a">Newspaper</subfield></datafield><datafield ind1="0" ind2=" " tag="130"><subfield code="a">Cumhuriyet (Istanbul, Turkey : Daily)</subfield></datafield><datafield ind1="1" ind2="0" tag="245"><subfield code="a">Cumhuriyet.</subfield></datafield><datafield ind1="1" ind2="4" tag="246"><subfield code="a">Cumhuriyet gazetesi</subfield><subfield code="f">1989</subfield></datafield><datafield ind1=" " ind2=" " tag="260"><subfield code="a">Istanbul :</subfield><subfield code="b">Cumhuriyet Matbaac&#305;l&#305;k ve Gazetecilik T.A.S.</subfield></datafield><datafield ind1=" " ind2=" " tag="300"><subfield code="a">volumes</subfield></datafield><datafield ind1=" " ind2=" " tag="310"><subfield code="a">Daily</subfield></datafield><datafield ind1=" " ind2=" " tag="336"><subfield code="a">text</subfield><subfield code="b">txt</subfield><subfield code="2">rdacontent</subfield></datafield><datafield ind1=" " ind2=" " tag="337"><subfield code="a">microform</subfield><subfield code="b">h</subfield><subfield code="2">rdamedia</subfield></datafield><datafield ind1="1" ind2=" " tag="362"><subfield code="a">Began May 7, 1924.</subfield></datafield><datafield ind1=" " ind2=" " tag="588"><subfield code="a">Description based on: 7. sene, no. 2208 (1 Temmuz 1930).</subfield></datafield><datafield ind1=" " ind2=" " tag="588"><subfield code="a">Latest issue consulted: 76. y&#305;l, say&#305; 2711 (29 Aral&#305;k 1999).</subfield></datafield><datafield ind1=" " ind2=" " tag="533"><subfield code="a">Microfilm.</subfield><subfield code="b">New Delhi :</subfield><subfield code="c">Library of Congress Office :</subfield><subfield code="b">Washington, D.C. :</subfield><subfield code="c">Library of Congress Photoduplication Service.</subfield></datafield><datafield ind1=" " ind2="0" tag="651"><subfield code="a">Istanbul (Turkey)</subfield><subfield code="v">Newspapers.</subfield></datafield><datafield ind1=" " ind2="7" tag="651"><subfield code="a">Turkey</subfield><subfield code="z">Istanbul.</subfield><subfield code="2">fast</subfield><subfield code="0">(OCoLC)fst01204833</subfield></datafield><datafield ind1=" " ind2="7" tag="655"><subfield code="a">Newspapers.</subfield><subfield code="2">fast</subfield><subfield code="0">(OCoLC)fst01423814</subfield></datafield><datafield ind1=" " ind2=" " tag="752"><subfield code="a">Turkey</subfield><subfield code="d">Istanbul.</subfield></datafield><datafield ind1="1" ind2=" " tag="775"><subfield code="t">Cumhuriyet (Istanbul, Turkey : Daily). French. Re&#769;publique</subfield><subfield code="w">(DLC)sn 92020815</subfield><subfield code="w">(OCoLC)25171947</subfield></datafield><datafield ind1="1" ind2=" " tag="776"><subfield code="c">Original</subfield><subfield code="w">(DLC)sn 91028616</subfield><subfield code="w">(OCoLC)12433780</subfield></datafield><datafield ind1="1" ind2=" " tag="787"><subfield code="t">Cumhuriyet (Istanbul, Turkey : Annual)</subfield><subfield code="w">(DLC)sn 95032737</subfield><subfield code="w">(OCoLC)28526793</subfield></datafield><datafield ind1="1" ind2=" " tag="787"><subfield code="t">Cumhuriyet. Y&#305;ll&#305;k</subfield><subfield code="w">(DLC)   89650572</subfield><subfield code="w">(OCoLC)18078486</subfield></datafield><datafield ind1="1" ind2=" " tag="029"><subfield code="a">AU@</subfield><subfield code="b">000024872594</subfield></datafield></record>